<?xml version="1.0" encoding="UTF-8"?>
<collection xmlns:xsi="http://www.w3.org/2001/XMLSchema-instance" xsi:schemaLocation="http://www.loc.gov/MARC21/slim http://www.loc.gov/standards/marcxml/schema/MARC21slim.xsd" xmlns="http://www.loc.gov/MARC21/slim">
<record>
  <leader>01106cam a2200253 a 4500</leader>
  <controlfield tag="001">3073388</controlfield>
  <controlfield tag="003">NNC</controlfield>
  <controlfield tag="005">20130426015548.0</controlfield>
  <controlfield tag="008">930601m19279999ua       b    001 0 arard</controlfield>
  <datafield tag="035" ind1=" " ind2=" ">
    <subfield code="a">(OCoLC)ocm28187670</subfield>
  </datafield>
  <datafield tag="035" ind1=" " ind2=" ">
    <subfield code="9">ATP6519CU</subfield>
  </datafield>
  <datafield tag="035" ind1=" " ind2=" ">
    <subfield code="a">(NNC)3073388</subfield>
  </datafield>
  <datafield tag="040" ind1=" " ind2=" ">
    <subfield code="a">UUM</subfield>
    <subfield code="c">UUM</subfield>
    <subfield code="d">OCL</subfield>
    <subfield code="d">ZCU</subfield>
  </datafield>
  <datafield tag="099" ind1=" " ind2=" ">
    <subfield code="a">893.701</subfield>
    <subfield code="a">Sa733</subfield>
  </datafield>
  <datafield tag="100" ind1="1" ind2=" ">
    <subfield code="a">Sarkīs, Yūsuf Ilyān,</subfield>
    <subfield code="d">1856-1932 or 1933.</subfield>
  </datafield>
  <datafield tag="245" ind1="1" ind2="0">
    <subfield code="a">Jāmiʻ al-taṣānīf al-ḥadīthah allatī ṭubiʻat fī al-bilād al-sharqīyah wa-al-gharbīyah wa-al-Amrīkīyah /</subfield>
    <subfield code="c">ʻuniya bi-jamʻihi wa- tartībīhi Yūsuf Ilyān Sarkīs al-Dimashqī.</subfield>
  </datafield>
  <datafield tag="260" ind1=" " ind2=" ">
    <subfield code="a">Miṣr :</subfield>
    <subfield code="b">yuṭlab min Maktabat Yūsuf Ilyān Sarkīs wa-Awlādihi,</subfield>
    <subfield code="c">1927-</subfield>
    <subfield code="e">(Miṣr :</subfield>
    <subfield code="f">al-Maṭbaʻah al-ʻArabīyah)</subfield>
  </datafield>
  <datafield tag="300" ind1=" " ind2=" ">
    <subfield code="a">v. ;</subfield>
    <subfield code="c">23 cm.</subfield>
  </datafield>
  <datafield tag="500" ind1=" " ind2=" ">
    <subfield code="a">Includes indexes.</subfield>
  </datafield>
  <datafield tag="505" ind1="1" ind2=" ">
    <subfield code="a">[v. 1]. Min sanat 1920 ilā sanat 1926 mīlādīyah. -- v. 2. Yaḥtawī ʻalá maṭbūʻāt sanat 1927 M.</subfield>
  </datafield>
  <datafield tag="500" ind1=" " ind2=" ">
    <subfield code="a">Title on added t.p.: Bulletin bibliographique.</subfield>
  </datafield>
  <datafield tag="650" ind1=" " ind2="0">
    <subfield code="a">Arabic imprints</subfield>
    <subfield code="v">Bibliography.</subfield>
  </datafield>
  <datafield tag="740" ind1="0" ind2="1">
    <subfield code="a">Bulletin bibliographique.</subfield>
  </datafield>
  <datafield tag="955" ind1=" " ind2=" ">
    <subfield code="b">0038490404</subfield>
    <subfield code="d">glx</subfield>
    <subfield code="e">893.701 Sa733</subfield>
    <subfield code="v">v.2</subfield>
  </datafield>
</record>
</collection>